@online{ndvi,
	author = {John Weier and David Herring},
	title = {Measuring Vegetation (NDVI, EVI)},
	date = 2000,
	month = aug,
	day = 30,
	url = {https://earthobservatory.nasa.gov/Features/MeasuringVegetation/measuring_vegetation_1.php}
}

@inproceedings{wvsi,
	title={Using WorldView-2 Vis-NIR multispectral imagery to support land mapping and feature extraction using normalized difference index ratios},
	author={Wolf, Antonio F},
	booktitle={Algorithms and Technologies for Multispectral, Hyperspectral, and Ultraspectral Imagery XVIII},
	volume={8390},
	pages={83900N},
	year={2012},
	organization={International Society for Optics and Photonics}
}

@thesis{derk,
	author = {Derk Barten},
	title = {The Detection of Morphological Slums in Bangalore from Satellite Images},
	institution = {University of Amsterdam},
	year = {2018}
}

@thesis{max,
	author = {Max Filtenborg},
	title = {Detecting slums in developing countries using textural features for Image based delineation},
	institution = {University of Amsterdam},
	year = {2018}
}

@article{otsu1979threshold,
	title={A threshold selection method from gray-level histograms},
	author={Otsu, Nobuyuki},
	journal={IEEE transactions on systems, man, and cybernetics},
	volume={9},
	number={1},
	pages={62--66},
	year={1979},
	publisher={IEEE}
}
