@article{kuffer2016slums,
  title={Slums from spaceâ€”15 years of slum mapping using remote sensing},
  author={Kuffer, Monika and Pfeffer, Karin and Sliuzas, Richard},
  journal={Remote Sensing},
  volume={8},
  number={6},
  pages={455},
  year={2016},
  publisher={Multidisciplinary Digital Publishing Institute}
}

@incollection{hay2008geographic,
  title={Geographic Object-Based Image Analysis (GEOBIA): A new name for a new discipline},
  author={Hay, Geoffrey J and Castilla, Guillermo},
  booktitle={Object-based image analysis},
  pages={75--89},
  year={2008},
  publisher={Springer}
}

@article{bian2007object,
  title={Object-Oriented Representation of Environmental Phenomena: Is Everything Best Represented as an Object?},
  author={Bian, Ling},
  journal={Annals of the Association of American Geographers},
  volume={97},
  number={2},
  pages={267--281},
  year={2007},
  publisher={Wiley Online Library}
}

@article{williams2016automatic,
  title={Automatic classification of roof objects from aerial imagery of informal settlements in Johannesburg},
  author={Williams, Nathaniel and Quincey, Duncan and Stillwell, John},
  journal={Applied Spatial Analysis and Policy},
  volume={9},
  number={2},
  pages={269--281},
  year={2016},
  publisher={Springer}
}

@article{blaschke2014geographic,
  title={Geographic object-based image analysis--towards a new paradigm},
  author={Blaschke, Thomas and Hay, Geoffrey J and Kelly, Maggi and Lang, Stefan and Hofmann, Peter and Addink, Elisabeth and Feitosa, Raul Queiroz and van der Meer, Freek and van der Werff, Harald and van Coillie, Frieke and others},
  journal={ISPRS journal of photogrammetry and remote sensing},
  volume={87},
  pages={180--191},
  year={2014},
  publisher={Elsevier}
}

%@inproceedings{owen2011settlement,
%  title={SETTLEMENT INDICATORS OF WELLBEING AND ECONOMIC STATUS--LACUNARITY AND VEGETATION},
%  author={Owen, Karen},
%  year={2011},
%  organization={American Society of Photogrammetry and Remote Sensing Pecora 18 Conference, Herndon, VA}
%}

@inproceedings{colombo,
  title={Evaluating the relationship between spatial and spectral features derived from high spatial resolution satellite data and urban poverty in Colombo, Sri Lanka},
  author={Engstrom, Ryan and Newhouse, David and Haldavanekar, Vishwesh and Copenhaver, Andrew and Hersh, Jonathan},
  booktitle={Urban Remote Sensing Event (JURSE), 2017 Joint},
  pages={1--4},
  year={2017},
  organization={IEEE}
}

@article{owen2013approach,
  title={An approach to differentiate informal settlements using spectral, texture, geomorphology and road accessibility metrics},
  author={Owen, Karen K and Wong, David W},
  journal={Applied Geography},
  volume={38},
  pages={107--118},
  year={2013},
  publisher={Elsevier}
}


@article{mumbai,
  title={The physical face of slums: a structural comparison of slums in Mumbai, India, based on remotely sensed data},
  author={Taubenb{\"o}ck, Hannes and Kraff, NJ},
  journal={Journal of Housing and the Built Environment},
  volume={29},
  number={1},
  pages={15--38},
  year={2014},
  publisher={Springer}
}

@inproceedings{accra,
  title={Mapping slums using spatial features in Accra, Ghana},
  author={Engstrom, Ryan and Sandborn, Avery and Yu, Qin and Burgdorfer, Jason and Stow, Douglas and Weeks, John and Graesser, Jordan},
  booktitle={Urban Remote Sensing Event (JURSE), 2015 Joint},
  pages={1--4},
  year={2015},
  organization={IEEE}
}

@article{hyderabad,
  title={Texture-based identification of urban slums in Hyderabad, India using remote sensing data},
  author={Kit, Oleksandr and L{\"u}deke, Matthias and Reckien, Diana},
  journal={Applied Geography},
  volume={32},
  number={2},
  pages={660--667},
  year={2012},
  publisher={Elsevier}
}

@article{graesser2012image,
  title={Image based characterization of formal and informal neighborhoods in an urban landscape},
  author={Graesser, Jordan and Cheriyadat, Anil and Vatsavai, Ranga Raju and Chandola, Varun and Long, Jordan and Bright, Eddie},
  journal={IEEE Journal of Selected Topics in Applied Earth Observations and Remote Sensing},
  volume={5},
  number={4},
  pages={1164--1176},
  year={2012},
  publisher={IEEE}
}


@article{kumar2006discriminative,
  title={Discriminative random fields},
  author={Kumar, Sanjiv and Hebert, Martial},
  journal={International Journal of Computer Vision},
  volume={68},
  number={2},
  pages={179--201},
  year={2006},
  publisher={Springer}
}

@article{unsalan2004classifying,
  title={Classifying land development in high-resolution panchromatic satellite images using straight-line statistics},
  author={Unsalan, C and Boyer, Kim L},
  journal={IEEE Transactions on Geoscience and Remote Sensing},
  volume={42},
  number={4},
  pages={907--919},
  year={2004},
  publisher={IEEE}
}


@article{burns1986extracting,
  title={Extracting straight lines},
  author={Burns, J Brian and Hanson, Allen R and Riseman, Edward M},
  journal={IEEE transactions on pattern analysis and machine intelligence},
  number={4},
  pages={425--455},
  year={1986},
  publisher={IEEE}
}

@inproceedings{mangala2011extraction,
  title={Extraction of road network from high resolution satellite images using ANN},
  author={Mangala, R and Bhirud, SG},
  booktitle={Proceedings of the International Conference \& Workshop on Emerging Trends in Technology},
  pages={899--906},
  year={2011},
  organization={ACM}
}

@article{mokhtarzade2007road,
  title={Road detection from high-resolution satellite images using artificial neural networks},
  author={Mokhtarzade, Mehdi and Zoej, MJ Valadan},
  journal={International journal of applied earth observation and geoinformation},
  volume={9},
  number={1},
  pages={32--40},
  year={2007},
  publisher={Elsevier}
}

@article{alshehhi2017simultaneous,
  title={Simultaneous extraction of roads and buildings in remote sensing imagery with convolutional neural networks},
  author={Alshehhi, Rasha and Marpu, Prashanth Reddy and Woon, Wei Lee and Dalla Mura, Mauro},
  journal={ISPRS Journal of Photogrammetry and Remote Sensing},
  volume={130},
  pages={139--149},
  year={2017},
  publisher={Elsevier}
}

@misc{airs,
  author = {mahmoudmohsen213},
  title = {airs},
  year = {2017},
  publisher = {GitHub},
  journal = {GitHub repository},
  howpublished = {\url{https://github.com/mahmoudmohsen213/airs}},
  commit = {5b327937b6bf529030b1faa55ff028bcbd45c922}
}

@phdthesis{MnihThesis,
    author = {Volodymyr Mnih},
    title = {Machine Learning for Aerial Image Labeling},
    school = {University of Toronto},
    year = {2013}
}


@article{hu2007road,
  title={Road network extraction and intersection detection from aerial images by tracking road footprints},
  author={Hu, Jiuxiang and Razdan, Anshuman and Femiani, John C and Cui, Ming and Wonka, Peter},
  journal={IEEE Transactions on Geoscience and Remote Sensing},
  volume={45},
  number={12},
  pages={4144--4157},
  year={2007},
  publisher={IEEE}
}







